@MISC{cnn-amiq,
   author =       {Duda S.},
   title =        {How to Implement a Convolutional Neural Network Using High Level Synthesis},
   editor =       {amiq.com},
   month =        {December},
   year =         {2018},
   url = {https://www.amiq.com/consulting/2018/12/14/how-to-implement-a-convolutional-neural-network-using-high-level-synthesis/},
   note =         {[Online; posted 14-December-2018]},
 }
 
 @MISC{stream,
   title =  {Vitis High-Level Synthesis User Guide: HLS Stream Library},
   url =    { https://docs.xilinx.com/r/en-US/ug1399-vitis-hls/HLS-Stream-Library},
   note =   {[Online; visited june-2022]},
 }

 @MISC{github-repo,
   title =  { Github: HLS-CNN },
   url =    { https://github.com/FedericoSerafini/HLS-CNN },
   note =   {[Project repository]}
 }

 @online{keras,
  title={Keras},
  author={Chollet, Francois and others},
  year={2015},
  publisher={GitHub},
  url={https://github.com/fchollet/keras},
}


